@inproceedings{Li:2013,
 author = {Li, Yang and Wang, Chi and Han, Fangqiu and Han, Jiawei and Roth, Dan and Yan, Xifeng},
 title = {Mining Evidences for Named Entity Disambiguation},
 booktitle = {Proceedings of the 19th ACM SIGKDD International Conference on Knowledge Discovery and Data Mining},
 series = {KDD '13},
 year = {2013},
 pages = {1070--1078}
} 

@inproceedings{cucerzan2007large,
  title={Large-scale named entity disambiguation based on Wikipedia data},
  author={Cucerzan, Silviu},
  booktitle={Proceedings of the 2007 joint conference on empirical methods in natural language processing and computational natural language learning (EMNLP-CoNLL)},
  year={2007}
}

@inproceedings{kataria2011entity,
  title={Entity disambiguation with hierarchical topic models},
  author={Kataria, Saurabh S and Kumar, Krishnan S and Rastogi, Rajeev R and Sen, Prithviraj and Sengamedu, Srinivasan H},
  booktitle={Proceedings of the 17th ACM SIGKDD international conference on Knowledge discovery and data mining},
  pages={1037--1045},
  year={2011},
  organization={ACM}
}

@inproceedings{sen2012collective,
  title={Collective context-aware topic models for entity disambiguation},
  author={Sen, Prithviraj},
  booktitle={Proceedings of the 21st international conference on World Wide Web},
  pages={729--738},
  year={2012},
  organization={ACM}
}

@inproceedings{bhattacharya2006latent,
  title={A latent dirichlet model for unsupervised entity resolution},
  author={Bhattacharya, Indrajit and Getoor, Lise},
  booktitle={Proceedings of the 2006 SIAM International Conference on Data Mining},
  pages={47--58},
  year={2006},
  organization={SIAM}
}
@inproceedings{pilz2011names,
  title={From names to entities using thematic context distance},
  author={Pilz, Anja and Paa{\ss}, Gerhard},
  booktitle={Proceedings of the 20th ACM international conference on Information and knowledge management},
  pages={857--866},
  year={2011},
  organization={ACM}
}
@inproceedings{glaser2016named,
  title={Named Entity Disambiguation for little known referents: a topic-based approach.},
  author={Glaser, Andrea and Kuhn, Jonas},
  booktitle={COLING},
  pages={1481--1492},
  year={2016}
}